@online{dswiki-formula,
    author    = "Dark Souls Community Wiki",
    title     = "Dark Souls: Parameter Bonus wiki",
    url       = "https://darksouls.fandom.com/wiki/Parameter_Bonus",
    addendum = "(accessed: 06/14/2024)",
    keywords  = "online, darksouls"
}

@online{dswiki-formula-2,
    author    = "Dark Souls Community Wiki Fextralfe",
    title     = "Dark Souls: Weapon Scaling wiki",
    url       = "https://darksouls.wiki.fextralife.com/Weapon+Scaling",
    addendum = "(accessed: 07/02/2024)",
    keywords  = "online, darksouls"
}

@book{linear-programming,
  title={Linear Programming},
  author={Chv{\'a}tal, V.},
  isbn={9780716715870},
  lccn={82021132},
  series={Series of books in the mathematical sciences},
  url={https://books.google.co.uk/books?id=DN20_tW_BV0C},
  year={1983},
  publisher={W. H. Freeman}
}
